<?xml version="1.0" encoding="UTF-8"?><collection xmlns="http://www.loc.gov/MARC21/slim"><record><leader>00562nam--2200181-i-4500</leader><controlfield tag="001">000036003</controlfield><controlfield tag="002">20161230</controlfield><controlfield tag="005">20161230201040</controlfield><controlfield tag="008">060222s1000------------r-----000-0-rum-d</controlfield><datafield ind1=" " ind2=" " tag="040"><subfield code="a">IFIN-HH</subfield></datafield><datafield ind1=" " ind2=" " tag="041"><subfield code="a">rum</subfield></datafield><datafield ind1=" " ind2=" " tag="080"><subfield code="a">539.1.074(075.8)</subfield></datafield><datafield ind1="1" ind2=" " tag="100"><subfield code="a">Oncescu, Mircea</subfield></datafield><datafield ind1="1" ind2="0" tag="245"><subfield code="a">Detectarea si masurarea radiatiilor nucleare</subfield><subfield code="b">(note de curs)cursurile pentru utilizarea izotopilor radioactivi</subfield><subfield code="c">Mircea oncescu</subfield></datafield><datafield ind1=" " ind2=" " tag="260"><subfield code="a">Bucuresti</subfield><subfield code="b">Institutul De Fizica Atomica</subfield><subfield code="c">1960</subfield></datafield><datafield ind1=" " ind2=" " tag="300"><subfield code="a">194P</subfield></datafield><datafield ind1=" " ind2=" " tag="852"><subfield code="a">7235</subfield><subfield code="c">539.1.07:539.1.08</subfield></datafield><datafield ind1=" " ind2=" " tag="CAT"><subfield code="a">Sys</subfield><subfield code="c">20111017</subfield><subfield code="h">122604</subfield></datafield></record></collection>